@misc{autoencoders_bib,
Author = {Dor Bank and Noam Koenigstein and Raja Giryes},
Title = {Autoencoders},
Year = {2020},
Eprint = {arXiv:2003.05991},
}

@InProceedings{voxceleb2_bib,
author = "Chung, J.~S. and Nagrani, A. and Zisserman, A.",
title = "VoxCeleb2: Deep Speaker Recognition",
booktitle = "INTERSPEECH",
year = "2018",
}